@online{,
  author = {Randall Munroe},
  date = {2013-04-29},
  url = {https://imgs.xkcd.com/comics/is_it_worth_the_time.png},
  localfile = {xkcd_1205.png},
}

@online{,
  author = {Liu Jiao},
  organization = {Imaginechina / Corbis},
  url = {https://cdn.theatlantic.com/assets/media/img/photo/2015/11/china-from-above/c02_75521967/main_1500.jpg},
  localfile = {2015_11_china-from-above_c02_75521967.jpg},
}

@online{,
  author = {Peter Parks},
  organization = {AFP / Getty},
  url = {https://cdn.theatlantic.com/assets/media/img/photo/2015/11/china-from-above/c04_95741072/main_1500.jpg},
  localfile = {2015_11_china-from-above_c04_95741072.jpg},
}

@online{,
  author = {Sheng Li},
  organization = {Reuters},
  url = {https://cdn.theatlantic.com/assets/media/img/photo/2015/11/china-from-above/c07_RTS4D3V/main_1500.jpg},
  localfile = {2015_11_china-from-above_c07_RTS4D3V.jpg},
}

@online{,
  author = {{Wire photo}},
  organization = {AFP / Getty},
  url = {https://cdn.theatlantic.com/assets/media/img/photo/2015/11/china-from-above/c25_476505048/main_1500.jpg},
  localfile = {2015_11_china-from-above_c25_476505048.jpg},
}

@online{,
  author = {Marius Bosch},
  localfile = {2017_08_photos-of-the-week_w23.jpg},
  organization = {Reuters},
  url = {https://cdn.theatlantic.com/assets/media/img/photo/2017/08/photos-of-the-week-85811/w23_RTS1AJ1V/main_1500.jpg},
}

@online{,
  author = {Salma Gamil},
  url = {http://primemag.me/wp-content/uploads/2014/12/Public_Bus_Cairo_01.jpg},
  localfile = {bus.jpg},
}

@online{,
  url = {http://www.drivearabia.com/news/wp-content/uploads/2016/06/2016-Geely-Emgrand-GT-600x450.jpg},
  localfile = {car.jpg},
}

@online{,
  url = {http://energy.mit.edu/wp-content/uploads/2016/05/mobility-of-the-future.png},
  localfile = {mobility-of-the-future.png},
}

@online{,
  author = {Jialiang Gao},
  date = {2008-04-18},
  localfile = {Train_Station_Kunming_Yunnan_China_2008.jpg},
  url = {https://upload.wikimedia.org/wikipedia/commons/3/35/Train_Station_Kunming_Yunnan_China_2008.jpg},
}

@online{,
  author = {Robert Aehnelt},
  localfile = {Beijing_Airports.png},
  url = {https://upload.wikimedia.org/wikipedia/commons/8/83/Beijing_Airports.png},
}

@online{,
  author = {{Gartner, Inc.}},
  date = {2017-08-15},
  localfile = {gartner-2017.jpg},
  note = {https://www.gartner.com/smarterwithgartner/top-trends-in-the-gartner-hype-cycle-for-emerging-technologies-2017/},
  url = {https://blogs.gartner.com/smarterwithgartner/files/2017/08/Emerging-Technology-Hype-Cycle-for-2017_Infographic_R6A.jpg}
}

@online{,
  author = {{Gartner, Inc.}},
  date = {2016-11-02},
  localfile = {gartner-2016-iot.png},
  note = {https://www.gartner.com/smarterwithgartner/7-technologies-underpin-the-hype-cycle-for-the-internet-of-things-2016/},
  url = {https://blogs.gartner.com/smarterwithgartner/files/2016/11/Hype-Cycle-for-the-Internet-of-Things-2016_Infographic-01.png},
}

@online{,
  author = {Tony Ruth},
  date = {2015-01-30},
  localfile = {ruth-2015-elon.jpg},
  note = {http://welcometobusinesstown.tumblr.com/archive},
  title = {Welcome To Businesstown: Elon Muskrat},
  url = {https://68.media.tumblr.com/a543139b5427ba579a541ea2ffd1c95b/tumblr_nizzsgPNaZ1u1hvc9o1_1280.jpg},
}

@online{,
  author = {Tony Ruth},
  date = {2015-01-22},
  localfile = {ruth-2015-troll.jpg},
  note = {http://welcometobusinesstown.tumblr.com/archive},
  title = {Welcome To Businesstown: Patent Troll},
  url = {http://78.media.tumblr.com/b0f8eb9b3ea3540538fb8d7b433ada37/tumblr_nil5gtyO9e1u1hvc9o1_1280.jpg},
}

@online{,
  author = {Tony Ruth},
  date = {2015-04-01},
  localfile = {ruth-2015-moonshots.jpg},
  note = {http://welcometobusinesstown.tumblr.com/archive},
  title = {Welcome To Businesstown: Captain of Moonshots},
  url = {http://78.media.tumblr.com/7a79f8d87556b535775da3a531ad918e/tumblr_nm4vsqDwfT1u1hvc9o1_1280.jpg},
}

@online{,
  author = {{Fred Rogers Company}},
  localfile = {fred-rogers.jpg},
  url = {http://www.tbo.com/storyimage/TB/20180302/ARTICLE/303029515/AR/0/AR-303029515.jpg}
}

@online{,
  author = {User:Ssolberg},
  localfile = {globe_CN.svg},
  note = {https://en.wikipedia.org/wiki/File:People%27s_Republic_of_China_(orthographic_projection).svg},
  url = {https://upload.wikimedia.org/wikipedia/commons/7/78/People%27s_Republic_of_China_%28orthographic_projection%29.svg},
}

@online{,
  author = {User:Msnox},
  localfile = {map_CN-500113.svg},
  note = {https://commons.wikimedia.org/wiki/File:Banan.svg},
  url = {https://upload.wikimedia.org/wikipedia/commons/9/9d/Banan.svg}
}

@online{,
  author = {User:TUBS},
  localfile = {map_CN-CQ.svg},
  note = {https://commons.wikimedia.org/wiki/File:Chongqing_in_China_(%2Ball_claims_hatched).svg},
  url = {https://upload.wikimedia.org/wikipedia/commons/a/ad/Chongqing_in_China_%28%2Ball_claims_hatched%29.svg}
}

@online{,
  author = {User:TUBS},
  localfile = {map_CN-SC.svg},
  note = {https://commons.wikimedia.org/wiki/File:Sichuan_in_China_(%2Ball_claims_hatched).svg},
  url = {https://upload.wikimedia.org/wikipedia/commons/8/82/Sichuan_in_China_%28%2Ball_claims_hatched%29.svg}
}

@online{,
  author = {User:Lincun},
  localfile = {map_CN-SC-CTU.svg},
  note = {https://commons.wikimedia.org/wiki/File:Sichuan_subdivisions_-_Chengdu.svg},
  url = {https://upload.wikimedia.org/wikipedia/commons/b/b5/Sichuan_subdivisions_-_Chengdu.svg}
}

@online{
  author = {Franke Hommes},
  note = {https://commons.wikimedia.org/wiki/File:Atlas_November_2005.jpg},
  url = {https://upload.wikimedia.org/wikipedia/commons/5/5c/Atlas_November_2005.jpg}
}
